<record><leader>00000cas a2200000 a 4500</leader><controlfield tag="001">8139788</controlfield><controlfield tag="008">820209d18371837pauwr ne      0   a0eng c</controlfield><datafield ind1=" " ind2=" " tag="010"><subfield code="a">sn 96095046 </subfield></datafield><datafield ind1=" " ind2=" " tag="040"><subfield code="a">PLF</subfield><subfield code="b">eng</subfield><subfield code="c">PLF</subfield><subfield code="d">NYS</subfield><subfield code="d">DLC</subfield><subfield code="d">NVK</subfield><subfield code="d">TNS</subfield><subfield code="d">NVF</subfield><subfield code="d">OCL</subfield><subfield code="d">GUA</subfield><subfield code="d">DLC</subfield><subfield code="d">OCLCQ</subfield><subfield code="d">OCLCF</subfield><subfield code="d">OCLCO</subfield></datafield><datafield ind1="1" ind2=" " tag="029"><subfield code="a">AU@</subfield><subfield code="b">000014098173</subfield></datafield><datafield ind1=" " ind2=" " tag="042"><subfield code="a">pcc</subfield></datafield><datafield ind1=" " ind2=" " tag="043"><subfield code="a">n-us-pa</subfield></datafield><datafield ind1=" " ind2=" " tag="092"><subfield code="a">050</subfield><subfield code="b">W146</subfield></datafield><datafield ind1=" " ind2=" " tag="090"><subfield code="a">AP2</subfield><subfield code="b">.B8494 OVERSIZE</subfield></datafield><datafield ind1="0" ind2="0" tag="245"><subfield code="a">Waldie's literary omnibus.</subfield></datafield><datafield ind1=" " ind2=" " tag="260"><subfield code="a">Philadelphia :</subfield><subfield code="b">Adam Waldie,</subfield><subfield code="c">1837.</subfield></datafield><datafield ind1=" " ind2=" " tag="300"><subfield code="a">v.</subfield></datafield><datafield ind1=" " ind2=" " tag="310"><subfield code="a">Weekly</subfield></datafield><datafield ind1="0" ind2=" " tag="362"><subfield code="a">Vol. 1, no. 1 (Jan. 6, 1837)-v. 1, no. 52 (Dec. 29, 1837).</subfield></datafield><datafield ind1=" " ind2=" " tag="500"><subfield code="a">"News, book entire, sketches, reviews, tales, miscellaneous intelligence."</subfield></datafield><datafield ind1=" " ind2=" " tag="530"><subfield code="a">Available on microfilm from Xerox University Microfilms (American periodical series: 1800-1850); also available online.</subfield></datafield><datafield ind1=" " ind2="0" tag="651"><subfield code="a">Philadelphia (Pa.)</subfield><subfield code="v">Newspapers.</subfield></datafield><datafield ind1=" " ind2="7" tag="655"><subfield code="a">Newspapers.</subfield><subfield code="2">fast</subfield><subfield code="0">(OCoLC)fst01423814</subfield></datafield><datafield ind1=" " ind2="7" tag="651"><subfield code="a">Pennsylvania</subfield><subfield code="z">Philadelphia.</subfield><subfield code="2">fast</subfield><subfield code="0">(OCoLC)fst01204170</subfield></datafield><datafield ind1=" " ind2=" " tag="752"><subfield code="a">United States</subfield><subfield code="b">Pennsylvania</subfield><subfield code="c">Philadelphia</subfield><subfield code="d">Philadelphia.</subfield></datafield><datafield ind1="1" ind2=" " tag="776"><subfield code="t">Waldie's literary omnibus</subfield><subfield code="w">(DLC)sf 88092004</subfield><subfield code="w">(OCoLC)6913452</subfield></datafield><datafield ind1="1" ind2=" " tag="776"><subfield code="t">Waldie's literary omnibus (Online)</subfield><subfield code="w">(DLC)  2006255252</subfield><subfield code="w">(OCoLC)65284972</subfield></datafield><datafield ind1="0" ind2="0" tag="785"><subfield code="t">Brown's literary omnibus</subfield><subfield code="x">2157-2747</subfield><subfield code="w">(DLC)   02027838</subfield><subfield code="w">(OCoLC)1537488</subfield></datafield><datafield ind1="4" ind2="1" tag="856"><subfield code="u">http://proquest.umi.com/pqdweb</subfield></datafield><datafield ind1=" " ind2=" " tag="936"><subfield code="a">INC</subfield></datafield></record>